@article{projecteuclid,
    author  = "James H. Curry and Lucy Garnett and Dennis Sullivan",
    title   = "On the Iteration of a Rational Function:
Computer Experiments with Newton's Method",
    year    = "1983",
    journal = "Communication in Mathemathical Physics",
    volume  = "91",
    number  = "2",
    pages   = "267--277",
}

@book{bae,
  title={A first course in chaotic dynamical systems: theory and experiment},
  author={Robert L. Devaney},
  isbn={0-201-55406-2},
  year={1992},
  publisher={Perseus Books Publishing},
}

@online{yale,
    author    = "Yale",
    title     = "Fractals",
    url       = "http://users.math.yale.edu/public_html/People/frame/Fractals/",
    year    =2016,
    urldate = "2016-10-11"
}

@article{yau,
  title={The Newton and Halley methods for complex roots},
  author={Yau, Lily and Ben-Israel, Adi},
  journal={The American mathematical monthly},
  volume={105},
  number={9},
  pages={806--818},
  year={1998},
  publisher={JSTOR}
}

@article{economics,
  title={Nonlinear dynamics and stock returns},
  author={Scheinkman, Jose A and LeBaron, Blake},
  journal={Journal of Business},
  pages={311--337},
  year={1989},
  publisher={JSTOR}
}

@article{lipsitz,
  title={Loss of'complexity'and aging: potential applications of fractals and chaos theory to senescence},
  author={Lipsitz, Lewis A and Goldberger, Ary L},
  journal={Jama},
  volume={267},
  number={13},
  pages={1806--1809},
  year={1992},
  publisher={American Medical Association}
}

@book{tufillaro,
  title={An experimental approach to nonlinear dynamics and chaos},
  author={Tufillaro, Nicholas B and Abbott, Tyler and Reilly, Jeremiah},
  year={1992},
  publisher={Addison-Wesley New York}
}

@book{latexcompanion,
    author    = "Michel Goossens and Frank Mittelbach and Alexander Samarin",
    title     = "The \LaTeX\ Companion",
    year      = "1993",
    publisher = "Addison-Wesley",
    address   = "Reading, Massachusetts",
    keywords  = "latex"
}

@article{einstein,
  author =       "Robert L. Devaney",
  title =        "{A first course in chaotic dynamical systems: theory and experiment}",
  journal =      "Annalen der Physik",
  volume =       "322",
  number =       "10",
  pages =        "891--921",
  year =         "1905",
  DOI =          "http://dx.doi.org/10.1002/andp.19053221004",
  keywords =     "physics"
}

@inbook{knuth-fa,
   author = "Donald E. Knuth",
   title = "Fundamental Algorithms",
   publisher = "Addison-Wesley",
   year = "1973",
   chapter = "1.2",
   keywords  = "knuth,programming"
}

@book{knuth-acp,
   author = "Donald E. Knuth",
   publisher = "Addison-Wesley",
   title = "The Art of Computer Programming",
   series = "Four volumes",
   year = "1968",
   note = "Seven volumes planned",
   keywords  = "knuth,programming"
}